@mastersthesis{1024525101.nh,
author = {任池},
 title = {基于异质性偏好、拥挤程度和环境因素的旅游线路设计研究},
school = {西南财经大学},
year = {2024}
}    

@article{BJGD201812009,
author = {  韩艳 and     杨光 and     武鑫森 and     张思涵 and 李婉莹},
title = {考虑游客拥挤感知的旅游线路优化设计},
journal = {北京工业大学学报},
volume = {44},
number = {12},
pages = {1537-1546},
year = {2018},
issn = {0254-0037},
}    
